@inproceedings{vieira_2009,
    title = {On-Line {{Discovery}} of {{Flock Patterns}} in {{Spatio}}-Temporal {{Data}}},
    isbn = {978-1-60558-649-6},
    doi = {10.1145/1653771.1653812},
    booktitle = {Proceedings of the 17th {{ACM SIGSPATIAL International Conference}} on {{Advances}} in {{Geographic Information Systems}}},
    publisher = {{ACM}},
    author = {Vieira, Marcos R. and Bakalov, Petko and Tsotras, Vassilis J.},
    year = {2009},
    pages = {286--295}
}